@article{CIT-114,
	url = {http://dx.doi.org/10.1561/0100000114},
	year = {2022},
	volume = {19},
	journal = {Foundations and Trends® in Communications and Information Theory},
	title = {Topics and Techniques in Distribution Testing: A Biased but Representative Sample},
	doi = {10.1561/0100000114},
	issn = {1567-2190},
	number = {6},
	pages = {1032-1198},
	author = {Clément L. Canonne}
}